<record><leader>00000cas a2200000 a 4500</leader><controlfield tag="001">56748578</controlfield><controlfield tag="008">041015d19361968oruwr ne      0    0eng c</controlfield><datafield ind1=" " ind2=" " tag="010"><subfield code="a">  2004260417</subfield></datafield><datafield ind1=" " ind2=" " tag="040"><subfield code="a">ORU</subfield><subfield code="b">eng</subfield><subfield code="c">ORU</subfield><subfield code="d">OCLCQ</subfield><subfield code="d">OCLCF</subfield><subfield code="d">OCLCO</subfield></datafield><datafield ind1="1" ind2=" " tag="029"><subfield code="a">AU@</subfield><subfield code="b">000026302907</subfield></datafield><datafield ind1=" " ind2=" " tag="042"><subfield code="a">pcc</subfield></datafield><datafield ind1=" " ind2=" " tag="043"><subfield code="a">n-us-or</subfield></datafield><datafield ind1="0" ind2="4" tag="245"><subfield code="a">The St. Helens chronicle.</subfield></datafield><datafield ind1="1" ind2="3" tag="246"><subfield code="a">Chronicle</subfield></datafield><datafield ind1=" " ind2=" " tag="260"><subfield code="a">St. Helens, Or. :</subfield><subfield code="b">P.S. Paulson,</subfield><subfield code="c">1936-</subfield></datafield><datafield ind1=" " ind2=" " tag="300"><subfield code="a">32 v. :</subfield><subfield code="b">ill.</subfield></datafield><datafield ind1=" " ind2=" " tag="310"><subfield code="a">Weekly,</subfield><subfield code="b">Nov. 5, 1942-&lt;May 9, 1968&gt;</subfield></datafield><datafield ind1=" " ind2=" " tag="321"><subfield code="a">Triweekly,</subfield><subfield code="b">Aug. 5, 1936-&lt;Oct. 29, 1942&gt;</subfield></datafield><datafield ind1="0" ind2=" " tag="362"><subfield code="a">Vol. 1, no. 1 (Aug. 5, 1936)-</subfield></datafield><datafield ind1="1" ind2=" " tag="362"><subfield code="a">Ceased with June 27, 1968.</subfield></datafield><datafield ind1=" " ind2=" " tag="515"><subfield code="a">Frequent irregularities in numbering.</subfield></datafield><datafield ind1=" " ind2=" " tag="530"><subfield code="a">Also issued on microfilm from University of Oregon.</subfield></datafield><datafield ind1=" " ind2=" " tag="580"><subfield code="a">Merged with: The sentinel-mist, to form: The sentinel-mist chronicle.</subfield></datafield><datafield ind1=" " ind2=" " tag="588"><subfield code="a">Latest issue consulted: Vol. 32, no. 39 (May 9, 1968).</subfield></datafield><datafield ind1=" " ind2="0" tag="651"><subfield code="a">Saint Helens (Or.)</subfield><subfield code="v">Newspapers.</subfield></datafield><datafield ind1=" " ind2="7" tag="655"><subfield code="a">Newspapers.</subfield><subfield code="2">fast</subfield><subfield code="0">(OCoLC)fst01423814</subfield></datafield><datafield ind1=" " ind2="7" tag="651"><subfield code="a">Oregon</subfield><subfield code="z">Saint Helens.</subfield><subfield code="2">fast</subfield><subfield code="0">(OCoLC)fst01221362</subfield></datafield><datafield ind1=" " ind2=" " tag="752"><subfield code="a">United States</subfield><subfield code="b">Oregon</subfield><subfield code="c">Columbia</subfield><subfield code="d">St. Helens.</subfield></datafield><datafield ind1="1" ind2="7" tag="785"><subfield code="t">Sentinel-mist</subfield><subfield code="w">(DLC)  2004260416</subfield><subfield code="w">(OCoLC)56748385</subfield></datafield><datafield ind1="1" ind2="7" tag="785"><subfield code="t">Sentinel-mist chronicle</subfield><subfield code="w">(DLC)  2004260414</subfield><subfield code="w">(OCoLC)56748695</subfield></datafield></record>